% ARCADE 2 Instrument/Observations
@ARTICLE{Fixsen2011,
       author = {{Fixsen}, D.~J. and {Kogut}, A. and {Levin}, S. and {Limon}, M. and
         {Lubin}, P. and {Mirel}, P. and {Seiffert}, M. and {Singal}, J. and
         {Wollack}, E. and {Villela}, T. and {Wuensche}, C.~A.},
        title = "{ARCADE 2 Measurement of the Absolute Sky Brightness at 3-90 GHz}",
      journal = {\apj},
     keywords = {cosmic background radiation, diffuse radiation, radio continuum: general, Astrophysics - Cosmology and Nongalactic Astrophysics},
         year = "2011",
        month = "Jun",
       volume = {734},
       number = {1},
          eid = {5},
        pages = {5},
          doi = {10.1088/0004-637X/734/1/5},
archivePrefix = {arXiv},
       eprint = {0901.0555},
 primaryClass = {astro-ph.CO},
       adsurl = {https://ui.adsabs.harvard.edu/abs/2011ApJ...734....5F},
      adsnote = {Provided by the SAO/NASA Astrophysics Data System}
}

% ARCADE 2 Galaxy Modelling
@ARTICLE{Kogut2011,
       author = {{Kogut}, A. and {Fixsen}, D.~J. and {Levin}, S.~M. and {Limon}, M. and
         {Lubin}, P.~M. and {Mirel}, P. and {Seiffert}, M. and {Singal}, J. and
         {Villela}, T. and {Wollack}, E. and {Wuensche}, C.~A.},
        title = "{ARCADE 2 Observations of Galactic Radio Emission}",
      journal = {\apj},
     keywords = {cosmic background radiation, radiation mechanisms: non-thermal, radio continuum: ISM, Astrophysics - Galaxy Astrophysics},
         year = "2011",
        month = "Jun",
       volume = {734},
       number = {1},
          eid = {4},
        pages = {4},
          doi = {10.1088/0004-637X/734/1/4},
archivePrefix = {arXiv},
       eprint = {0901.0562},
 primaryClass = {astro-ph.GA},
       adsurl = {https://ui.adsabs.harvard.edu/abs/2011ApJ...734....4K},
      adsnote = {Provided by the SAO/NASA Astrophysics Data System}
}

% ARCADE 2 paper analyzing results about extra emission
@ARTICLE{Seiffert2011,
       author = {{Seiffert}, M. and {Fixsen}, D.~J. and {Kogut}, A. and {Levin}, S.~M. and
         {Limon}, M. and {Lubin}, P.~M. and {Mirel}, P. and {Singal}, J. and
         {Villela}, T. and {Wollack}, E. and {Wuensche}, C.~A.},
        title = "{Interpretation of the ARCADE 2 Absolute Sky Brightness Measurement}",
      journal = {\apj},
     keywords = {cosmic background radiation, cosmology: observations},
         year = "2011",
        month = "Jun",
       volume = {734},
       number = {1},
          eid = {6},
        pages = {6},
          doi = {10.1088/0004-637X/734/1/6},
       adsurl = {https://ui.adsabs.harvard.edu/abs/2011ApJ...734....6S},
      adsnote = {Provided by the SAO/NASA Astrophysics Data System}
}

% Cosmic ray article addressing possibility of galactic synchrotron halo
@ARTICLE{Ginzburg1961,
       author = {{Ginzburg}, V.~L. and {Syrovatsky}, S.~I.},
        title = "{Origin of Cosmic Rays}",
      journal = {Progress of Theoretical Physics Supplement},
         year = "1961",
        month = "Jan",
       volume = {20},
        pages = {1-83},
          doi = {10.1143/PTPS.20.1},
       adsurl = {https://ui.adsabs.harvard.edu/abs/1961PThPS..20....1G},
      adsnote = {Provided by the SAO/NASA Astrophysics Data System}
}

% Conference Summary/Report on Radio Synchrotron Background
@ARTICLE{Singal2018,
       author = {{Singal}, J. and {Haider}, J. and {Ajello}, M. and {Ballantyne}, D.~R. and
         {Bunn}, E. and {Condon}, J. and {Dowell}, J. and {Fixsen}, D. and
         {Fornengo}, N. and {Harms}, B. and {Holder}, G. and {Jones}, E. and
         {Kellermann}, K. and {Kogut}, A. and {Linden}, T. and {Monsalve}, R. and
         {Mertsch}, P. and {Murphy}, E. and {Orlando}, E. and {Regis}, M. and
         {Scott}, D. and {Vernstrom}, T. and {Xu}, L.},
        title = "{The Radio Synchrotron Background: Conference Summary and Report}",
      journal = {\pasp},
     keywords = {Astrophysics - High Energy Astrophysical Phenomena, Astrophysics - Astrophysics of Galaxies},
         year = "2018",
        month = "Mar",
       volume = {130},
       number = {985},
        pages = {036001},
          doi = {10.1088/1538-3873/aaa6b0},
archivePrefix = {arXiv},
       eprint = {1711.09979},
 primaryClass = {astro-ph.HE},
       adsurl = {https://ui.adsabs.harvard.edu/abs/2018PASP..130c6001S},
      adsnote = {Provided by the SAO/NASA Astrophysics Data System}
}

% first attempt os using disk+halo model to explain excess
@ARTICLE{Subrahmanyan2013,
       author = {{Subrahmanyan}, Ravi and {Cowsik}, Ramanath},
        title = "{Is there an Unaccounted for Excess in the Extragalactic Cosmic Radio Background?}",
      journal = {\apj},
     keywords = {cosmic background radiation, diffuse radiation, methods: data analysis, radio continuum: general, radio continuum: ISM, Astrophysics - Cosmology and Nongalactic Astrophysics},
         year = "2013",
        month = "Oct",
       volume = {776},
       number = {1},
          eid = {42},
        pages = {42},
          doi = {10.1088/0004-637X/776/1/42},
archivePrefix = {arXiv},
       eprint = {1305.7060},
 primaryClass = {astro-ph.CO},
       adsurl = {https://ui.adsabs.harvard.edu/abs/2013ApJ...776...42S},
      adsnote = {Provided by the SAO/NASA Astrophysics Data System}
}

% Paper introducting TRIS instrument
@ARTICLE{Zannoni2008,
       author = {{Zannoni}, M. and {Tartari}, A. and {Gervasi}, M. and {Boella}, G. and
         {Sironi}, G. and {De Lucia}, A. and {Passerini}, A. and {Cavaliere}, F.},
        title = "{TRIS. I. Absolute Measurements of the Sky Brightness Temperature at 0.6, 0.82, and 2.5 GHz}",
      journal = {\apj},
     keywords = {cosmic microwave background, diffuse radiation, instrumentation: miscellaneous, radio continuum: galaxies, radio continuum: ISM, Astrophysics},
         year = "2008",
        month = "Nov",
       volume = {688},
       number = {1},
        pages = {12-23},
          doi = {10.1086/592133},
archivePrefix = {arXiv},
       eprint = {0806.1415},
 primaryClass = {astro-ph},
       adsurl = {https://ui.adsabs.harvard.edu/abs/2008ApJ...688...12Z},
      adsnote = {Provided by the SAO/NASA Astrophysics Data System}
}

% TRIS paper discussing galactic subtraction
@ARTICLE{Gervasi2008,
       author = {{Gervasi}, M. and {Zannoni}, M. and {Tartari}, A. and {Boella}, G. and
         {Sironi}, G.},
        title = "{TRIS. II. Search for CMB Spectral Distortions at 0.60, 0.82, and 2.5 GHz}",
      journal = {\apj},
     keywords = {cosmic microwave background, cosmological parameters, cosmology: observations, diffuse radiation, radio continuum: galaxies, Astrophysics},
         year = "2008",
        month = "Nov",
       volume = {688},
       number = {1},
        pages = {24-31},
          doi = {10.1086/592134},
archivePrefix = {arXiv},
       eprint = {0807.4750},
 primaryClass = {astro-ph},
       adsurl = {https://ui.adsabs.harvard.edu/abs/2008ApJ...688...24G},
      adsnote = {Provided by the SAO/NASA Astrophysics Data System}
}

% TRIS paper also disucssing galactic emission
@ARTICLE{Tartari2008,
       author = {{Tartari}, A. and {Zannoni}, M. and {Gervasi}, M. and {Boella}, G. and
         {Sironi}, G.},
        title = "{TRIS. III. The Diffuse Galactic Radio Emission at {\ensuremath{\delta}} = +42{\textdegree}}",
      journal = {\apj},
     keywords = {cosmic microwave background, diffuse radiation, Astrophysics},
         year = "2008",
        month = "Nov",
       volume = {688},
       number = {1},
        pages = {32-42},
          doi = {10.1086/592135},
archivePrefix = {arXiv},
       eprint = {0806.4306},
 primaryClass = {astro-ph},
       adsurl = {https://ui.adsabs.harvard.edu/abs/2008ApJ...688...32T},
      adsnote = {Provided by the SAO/NASA Astrophysics Data System}
}

% extragalactic 0.05-1000 mJy at 1.4 GHz
@ARTICLE{Hopkins2003,
       author = {{Hopkins}, A.~M. and {Afonso}, J. and {Georgakakis}, A. and
         {Sullivan}, M. and {Mobasher}, B. and {Cram}, L.~E.},
        title = "{The Phoenix Deep Survey: Evolution of Star Forming Galaxies}",
      journal = {arXiv e-prints},
     keywords = {Astrophysics},
         year = "2003",
        month = "Dec",
          eid = {astro-ph/0312035},
        pages = {astro-ph/0312035},
archivePrefix = {arXiv},
       eprint = {astro-ph/0312035},
 primaryClass = {astro-ph},
       adsurl = {https://ui.adsabs.harvard.edu/abs/2003astro.ph.12035H},
      adsnote = {Provided by the SAO/NASA Astrophysics Data System}
}

% extragalactic 0.011 - 44 mJy
@ARTICLE{Smolcic2017,
       author = {{Smol{\v{c}}i{\'c}}, V. and {Novak}, M. and {Bondi}, M. and
         {Ciliegi}, P. and {Mooley}, K.~P. and {Schinnerer}, E. and
         {Zamorani}, G. and {Navarrete}, F. and {Bourke}, S. and {Karim}, A. and
         {Vardoulaki}, E. and {Leslie}, S. and {Delhaize}, J. and
         {Carilli}, C.~L. and {Myers}, S.~T. and {Baran}, N. and
         {Delvecchio}, I. and {Miettinen}, O. and {Banfield}, J. and
         {Balokovi{\'c}}, M. and {Bertoldi}, F. and {Capak}, P. and
         {Frail}, D.~A. and {Hallinan}, G. and {Hao}, H. and {Herrera Ruiz}, N. and
         {Horesh}, A. and {Ilbert}, O. and {Intema}, H. and {Jeli{\'c}}, V. and
         {Kl{\"o}ckner}, H. -R. and {Krpan}, J. and {Kulkarni}, S.~R. and
         {McCracken}, H. and {Laigle}, C. and {Middleberg}, E. and
         {Murphy}, E.~J. and {Sargent}, M. and {Scoville}, N.~Z. and {Sheth}, K.},
        title = "{The VLA-COSMOS 3 GHz Large Project: Continuum data and source catalog release}",
      journal = {\aap},
     keywords = {catalogs, cosmology: observations, radio continuum: galaxies, Astrophysics - Astrophysics of Galaxies},
         year = "2017",
        month = "Jun",
       volume = {602},
          eid = {A1},
        pages = {A1},
          doi = {10.1051/0004-6361/201628704},
archivePrefix = {arXiv},
       eprint = {1703.09713},
 primaryClass = {astro-ph.GA},
       adsurl = {https://ui.adsabs.harvard.edu/abs/2017A&A...602A...1S},
      adsnote = {Provided by the SAO/NASA Astrophysics Data System}
}

% extragalactic sources < 10 microJy
@ARTICLE{Condon2012,
       author = {{Condon}, J.~J. and {Cotton}, W.~D. and {Fomalont}, E.~B. and
         {Kellermann}, K.~I. and {Miller}, N. and {Perley}, R.~A. and
         {Scott}, D. and {Vernstrom}, T. and {Wall}, J.~V.},
        title = "{Resolving the Radio Source Background: Deeper Understanding through Confusion}",
      journal = {\apj},
     keywords = {cosmology: observations, diffuse radiation, galaxies: statistics, radio continuum: galaxies, Astrophysics - Cosmology and Nongalactic Astrophysics},
         year = "2012",
        month = "Oct",
       volume = {758},
       number = {1},
          eid = {23},
        pages = {23},
          doi = {10.1088/0004-637X/758/1/23},
archivePrefix = {arXiv},
       eprint = {1207.2439},
 primaryClass = {astro-ph.CO},
       adsurl = {https://ui.adsabs.harvard.edu/abs/2012ApJ...758...23C},
      adsnote = {Provided by the SAO/NASA Astrophysics Data System}
}

% emcee paper
@ARTICLE{emcee,
       author = {{Foreman-Mackey}, Daniel and {Hogg}, David W. and {Lang}, Dustin and
         {Goodman}, Jonathan},
        title = "{emcee: The MCMC Hammer}",
      journal = {\pasp},
     keywords = {Astrophysics - Instrumentation and Methods for Astrophysics, Physics - Computational Physics, Statistics - Computation},
         year = "2013",
        month = "Mar",
       volume = {125},
       number = {925},
        pages = {306},
          doi = {10.1086/670067},
archivePrefix = {arXiv},
       eprint = {1202.3665},
 primaryClass = {astro-ph.IM},
       adsurl = {https://ui.adsabs.harvard.edu/abs/2013PASP..125..306F},
      adsnote = {Provided by the SAO/NASA Astrophysics Data System}
}

% CHANG-ES paper
@ARTICLE{Wiegert2015,
       author = {{Wiegert}, Theresa and {Irwin}, Judith and {Miskolczi}, Arpad and
         {Schmidt}, Philip and {Mora}, Silvia Carolina and
         {Damas-Segovia}, Ancor and {Stein}, Yelena and {English}, Jayanne and
         {Rand}, Richard J. and {Santistevan}, Isaiah and {Walterbos}, Rene and
         {Krause}, Marita and {Beck}, Rainer and {Dettmar}, Ralf-J{\"u}rgen and
         {Kepley}, Amanda and {Wezgowiec}, Marek and {Wang}, Q. Daniel and
         {Heald}, George and {Li}, Jiangtao and {MacGregor}, Stephen and
         {Johnson}, Megan and {Strong}, A.~W. and {DeSouza}, Amanda and
         {Porter}, Troy A.},
        title = "{CHANG-ES. IV. Radio Continuum Emission of 35 Edge-on Galaxies Observed with the Karl G. Jansky Very Large Array in D Configuration{\textemdash}Data Release 1}",
      journal = {\aj},
     keywords = {galaxies: magnetic fields, galaxies: star formation, ISM: magnetic fields, radio continuum: galaxies, Astrophysics - Astrophysics of Galaxies},
         year = "2015",
        month = "Sep",
       volume = {150},
       number = {3},
          eid = {81},
        pages = {81},
          doi = {10.1088/0004-6256/150/3/81},
archivePrefix = {arXiv},
       eprint = {1508.05153},
 primaryClass = {astro-ph.GA},
       adsurl = {https://ui.adsabs.harvard.edu/abs/2015AJ....150...81W},
      adsnote = {Provided by the SAO/NASA Astrophysics Data System}
}

% Mills paper on contesting Galactic halo
@INPROCEEDINGS{Mills1959,
       author = {{Mills}, B.~Y.},
        title = "{Galactic structure at meter wavelengths}",
    booktitle = {URSI Symp. 1: Paris Symposium on Radio Astronomy},
         year = "1959",
       editor = {{Bracewell}, Ronald N.},
       series = {IAU Symposium},
       volume = {9},
        month = "Jan",
        pages = {431},
       adsurl = {https://ui.adsabs.harvard.edu/abs/1959IAUS....9..431M},
      adsnote = {Provided by the SAO/NASA Astrophysics Data System}
}

% cite TT plot method
@ARTICLE{Turtle1962,
       author = {{Turtle}, A.~J. and {Pugh}, J.~F. and {Kenderdine}, S. and
         {Pauliny-Toth}, I.~I.~K.},
        title = "{The spectrum of the galactic radio emission, I. Observations of low resolving power}",
      journal = {\mnras},
         year = "1962",
        month = "Jan",
       volume = {124},
        pages = {297},
          doi = {10.1093/mnras/124.4.297},
       adsurl = {https://ui.adsabs.harvard.edu/abs/1962MNRAS.124..297T},
      adsnote = {Provided by the SAO/NASA Astrophysics Data System}
}

% 1.4 GHz used in our study
@ARTICLE{Reich1986,
       author = {{Reich}, P. and {Reich}, W.},
        title = "{A radio continuum survey of the northern sky at 1420 MHz. II}",
      journal = {\aaps},
     keywords = {Astronomical Maps, Centimeter Waves, Continuous Spectra, Galactic Structure, Northern Sky, Radio Astronomy, Calibrating, Contours, Data Reduction, Spectral Resolution, Surveys, Astronomy},
         year = "1986",
        month = "Feb",
       volume = {63},
        pages = {205},
       adsurl = {https://ui.adsabs.harvard.edu/abs/1986A&AS...63..205R},
      adsnote = {Provided by the SAO/NASA Astrophysics Data System}
}




